<record><leader>00000cas a22000007a 4500</leader><controlfield tag="001">19983638</controlfield><controlfield tag="008">890708c19159999mouwr ne      0    0eng d</controlfield><controlfield tag="009">9538</controlfield><datafield ind1=" " ind2=" " tag="010"><subfield code="a">sn 89066786 </subfield></datafield><datafield ind1=" " ind2=" " tag="040"><subfield code="a">MQN</subfield><subfield code="b">eng</subfield><subfield code="c">MQN</subfield><subfield code="d">DLC</subfield><subfield code="d">OCL</subfield><subfield code="d">MQN</subfield><subfield code="d">OCLCQ</subfield></datafield><datafield ind1=" " ind2=" " tag="019"><subfield code="a">19972094</subfield></datafield><datafield ind1="1" ind2=" " tag="029"><subfield code="a">AU@</subfield><subfield code="b">000025867217</subfield></datafield><datafield ind1=" " ind2=" " tag="042"><subfield code="a">msc</subfield></datafield><datafield ind1="0" ind2=" " tag="130"><subfield code="a">Enterprise-courier (Charleston, Mo.)</subfield></datafield><datafield ind1="0" ind2="0" tag="245"><subfield code="a">Enterprise-courier.</subfield></datafield><datafield ind1="3" ind2="0" tag="246"><subfield code="a">Enterprise courier</subfield></datafield><datafield ind1="3" ind2="0" tag="246"><subfield code="a">Enterprise courier and Charleston times</subfield></datafield><datafield ind1=" " ind2=" " tag="260"><subfield code="a">Charleston, Mo. :</subfield><subfield code="b">F.D. Lair,</subfield><subfield code="c">1915-</subfield></datafield><datafield ind1=" " ind2=" " tag="300"><subfield code="a">v.</subfield></datafield><datafield ind1=" " ind2=" " tag="310"><subfield code="a">Weekly</subfield></datafield><datafield ind1="0" ind2=" " tag="362"><subfield code="a">Vol. 14, no. 16 (Apr. 22, 1915)-</subfield></datafield><datafield ind1=" " ind2=" " tag="500"><subfield code="a">Published as: Enterprise courier and Charleston times, Sept. 13, 1928.</subfield></datafield><datafield ind1=" " ind2=" " tag="500"><subfield code="a">"(and Charleston times)" appears on masthead, Sept. 20, 1928-Nov. 24, 1955: "(Charleston times and Charleston Democrat)", Dec. 1, 1955-July 30, 1970.</subfield></datafield><datafield ind1=" " ind2=" " tag="500"><subfield code="a">Continues numbering of Courier (Charleston, Mo.).</subfield></datafield><datafield ind1=" " ind2="4" tag="651"><subfield code="a">Charleston (Mo.)</subfield><subfield code="v">Newspapers.</subfield></datafield><datafield ind1=" " ind2=" " tag="752"><subfield code="a">United States</subfield><subfield code="b">Missouri</subfield><subfield code="c">Mississippi</subfield><subfield code="d">Charleston.</subfield></datafield><datafield ind1="0" ind2="4" tag="780"><subfield code="t">Weekly enterprise (Charleston, Mo.)</subfield><subfield code="w">(DLC)sn 89066785</subfield></datafield><datafield ind1="0" ind2="4" tag="780"><subfield code="t">Courier (Charleston, Mo.)</subfield><subfield code="w">(DLC)sn 93060079</subfield></datafield><datafield ind1="0" ind2="5" tag="780"><subfield code="t">Charleston Republican</subfield><subfield code="w">(DLC)sn 89066790</subfield></datafield><datafield ind1="0" ind2="5" tag="780"><subfield code="t">Charleston times</subfield><subfield code="w">(DLC)sn 89066787</subfield></datafield><datafield ind1="0" ind2="5" tag="780"><subfield code="t">Charleston Democrat</subfield><subfield code="w">(DLC)sn 89066791</subfield></datafield></record>